# Early Lent group papers

@article{lent1993quantum,
  title={Quantum cellular automata},
  author={Lent, Craig S and Tougaw, P Douglas and Porod, Wolfgang and Bernstein, Gary H},
  journal={Nanotechnology},
  volume={4},
  number={1},
  pages={49},
  year={1993},
  publisher={IOP Publishing}
}

@article{lent1993lines,
  title={Lines of interacting quantum-dot cells: A binary wire},
  author={Lent, Craig S and Tougaw, P Douglas},
  journal={Journal of Applied Physics},
  volume={74},
  number={10},
  pages={6227--6233},
  year={1993},
  publisher={AIP Publishing}
}

@article{tougaw1993bistable,
  title={Bistable saturation in coupled quantum-dot cells},
  author={Tougaw, P Douglas and Lent, Craig S and Porod, Wolfgang},
  journal={Journal of Applied Physics},
  volume={74},
  number={5},
  pages={3558--3566},
  year={1993},
  publisher={AIP Publishing}
}

@article{tougaw1996dynamic,
  title={Dynamic behavior of quantum cellular automata},
  author={Tougaw, P Douglas and Lent, Craig S},
  journal={Journal of Applied Physics},
  volume={80},
  number={8},
  pages={4722--4736},
  year={1996},
  publisher={AIP Publishing}
}

@article{lent1997device,
  title={A device architecture for computing with quantum dots},
  author={Lent, Craig S and Tougaw, P Douglas},
  journal={Proceedings of the IEEE},
  volume={85},
  number={4},
  pages={541--557},
  year={1997}
}

@article{lent2000bypassing,
  title={Bypassing the transistor paradigm},
  author={Lent, Craig S},
  journal={Science},
  volume={288},
  number={5471},
  pages={1597--1599},
  year={2000},
  publisher={American Association for the Advancement of Science}
}

@article{toth2001role,
  title={Role of correlation in the operation of quantum-dot cellular automata},
  author={T{\'o}th, G{\'e}za and Lent, Craig S},
  journal={Journal of Applied Physics},
  volume={89},
  number={12},
  pages={7943--7953},
  year={2001},
  publisher={AIP Publishing}
}

@article{lent2003molecular,
  title={Molecular quantum-dot cellular automata},
  author={Lent, Craig S and Isaksen, Beth and Lieberman, Marya},
  journal={Journal of the American Chemical Society},
  volume={125},
  number={4},
  pages={1056--1063},
  year={2003},
  publisher={American Chemical Society}
}

@article{blair2013environmental,
  title={Environmental decoherence stabilizes quantum-dot cellular automata},
  author={Blair, Enrique P and Lent, Craig S},
  journal={Journal of Applied Physics},
  volume={113},
  number={12},
  pages={124302},
  year={2013},
  publisher={AIP Publishing}
}





# Different QCA implementations / experimental realization

@article{cowburn2000room,
  title={Room temperature magnetic quantum cellular automata},
  author={Cowburn, RP and Welland, ME},
  journal={Science},
  volume={287},
  number={5457},
  pages={1466--1468},
  year={2000},
  publisher={American Association for the Advancement of Science}
}

@article{bernstein2005magnetic,
  title={Magnetic QCA systems},
  author={Bernstein, Gary H and Imre, Alexandra and Metlushko, V and Orlov, A and Zhou, L and Ji, L and Csaba, Gy{\"o}rgy and Porod, Wolfgang},
  journal={Microelectronics Journal},
  volume={36},
  number={7},
  pages={619--624},
  year={2005},
  publisher={Elsevier}
}

@article{imre2006majority,
  title={Majority logic gate for magnetic quantum-dot cellular automata},
  author={Imre, Alexandra and Csaba, G and Ji, L and Orlov, A and Bernstein, GH and Porod, W},
  journal={Science},
  volume={311},
  number={5758},
  pages={205--208},
  year={2006},
  publisher={American Association for the Advancement of Science}
}

@inproceedings{alam2007clocking,
  title={Clocking scheme for nanomagnet QCA},
  author={Alam, Mohmmad T and DeAngelis, Jarett and Putney, Michael and Hu, X Sharon and Porod, Wolfgang and Niemier, Michael and Bernstein, Gary H},
  booktitle={Nanotechnology, 2007. IEEE-NANO 2007. 7th IEEE Conference on},
  pages={403--408},
  year={2007},
  organization={IEEE}
}

@article{alam2012chip,
  title={On-chip clocking of nanomagnet logic lines and gates},
  author={Alam, Mohammad Tanvir and Kurtz, Steven J and Siddiq, Mohammad Abu Jafar and Niemier, Michael T and Bernstein, Gary H and Hu, Xiaobo Sharon and Porod, Wolfgang},
  journal={Nanotechnology, IEEE Transactions on},
  volume={11},
  number={2},
  pages={273--286},
  year={2012},
  publisher={IEEE}
}

@article{orlov1997realization,
  title={Realization of a functional cell for quantum-dot cellular automata},
  author={Orlov, AO and Amlani, I and Bernstein, GH and Lent, CS and Snider, GL},
  journal={Science},
  volume={277},
  number={5328},
  pages={928--930},
  year={1997},
  publisher={American Association for the Advancement of Science}
}

@article{orlov1999experimental,
  title={Experimental demonstration of a binary wire for quantum-dot cellular automata},
  author={Orlov, Alexei O and Amlani, Islamshah and Toth, Geza and Lent, Craig S and Bernstein, Gary H and Snider, Gregory L},
  journal={Applied physics letters},
  volume={74},
  number={19},
  pages={2875--2877},
  year={1999},
  publisher={AIP Publishing}
}

@article{amlani1999digital,
  title={Digital logic gate using quantum-dot cellular automata},
  author={Amlani, Islamshah and Orlov, Alexei O and Toth, Geza and Bernstein, Gary H and Lent, Craig S and Snider, Gregory L},
  journal={science},
  volume={284},
  number={5412},
  pages={289--291},
  year={1999},
  publisher={American Association for the Advancement of Science}
}

@article{kummamuru2003operation,
  title={Operation of a quantum-dot cellular automata (QCA) shift register and analysis of errors},
  author={Kummamuru, Ravi K and Orlov, Alexei O and Ramasubramaniam, Rajagopal and Lent, Craig S and Bernstein, Gary H and Snider, Gregory L},
  journal={Electron Devices, IEEE Transactions on},
  volume={50},
  number={9},
  pages={1906--1913},
  year={2003},
  publisher={IEEE}
}

@article{gardelis2003evidence,
  title={Evidence for transfer of polarization in a quantum dot cellular automata cell consisting of semiconductor quantum dots},
  author={Gardelis, S and Smith, CG and Cooper, J and Ritchie, DA and Linfield, EH and Jin, Y},
  journal={Physical Review B},
  volume={67},
  number={3},
  pages={033302},
  year={2003},
  publisher={American Physical Society}
}

@article{mitic2006demonstration,
  title={Demonstration of a silicon-based quantum cellular automata cell},
  author={Mitic, M and Cassidy, MC and Petersson, KD and Starrett, RP and Gauja, E and Brenner, R and Clark, RG and Dzurak, AS and Yang, C and Jamieson, DN},
  journal={Applied physics letters},
  volume={89},
  number={1},
  pages={013503},
  year={2006},
  publisher={AIP Publishing}
}

@article{orlov2003clocked,
  title={Clocked quantum-dot cellular automata shift register},
  author={Orlov, Alexei O and Kummamuru, Ravi and Ramasubramaniam, R and Lent, Craig S and Bernstein, Gary H and Snider, Gregory L},
  journal={Surface Science},
  volume={532},
  pages={1193--1198},
  year={2003},
  publisher={North-Holland}
}





# Clocking, more complex circuits

@article{hennessy2001clocking,
  title={Clocking of molecular quantum-dot cellular automata},
  author={Hennessy, Kevin and Lent, Craig S},
  journal={Journal of Vacuum Science \& Technology B},
  volume={19},
  number={5},
  pages={1752--1755},
  year={2001},
  publisher={AVS: Science \& Technology of Materials, Interfaces, and Processing}
}

@inproceedings{rahimi2008quantum,
  title={Quantum-dot cellular ROM: A nano-scale level approach to digital data storage},
  author={Rahimi, Ehsan and Nejad, S Mohammad},
  booktitle={Communication Systems, Networks and Digital Signal Processing, 2008. CNSDSP 2008. 6th International Symposium on},
  pages={618--621},
  year={2008},
  organization={IEEE}
}

@article{walus2004qcadesigner,
  title={QCADesigner: A rapid design and simulation tool for quantum-dot cellular automata},
  author={Walus, Konrad and Dysart, Timothy J and Jullien, Graham A and Budiman, R Arief},
  journal={Nanotechnology, IEEE Transactions on},
  volume={3},
  number={1},
  pages={26--31},
  year={2004},
  publisher={IEEE}
}




# Wolkow group papers

@article{haider2009controlled,
  title={Controlled coupling and occupation of silicon atomic quantum dots at room temperature},
  author={Haider, M Baseer and Pitters, Jason L and DiLabio, Gino A and Livadaru, Lucian and Mutus, Josh Y and Wolkow, Robert A},
  journal={Physical review letters},
  volume={102},
  number={4},
  pages={046805},
  year={2009},
  publisher={American Physical Society}
}

@article{pitters2011tunnel,
  title={Tunnel coupled dangling bond structures on hydrogen terminated silicon surfaces},
  author={Pitters, Jason L and Livadaru, Lucian and Haider, M Baseer and Wolkow, Robert A},
  journal={The Journal of chemical physics},
  volume={134},
  number={6},
  pages={064712},
  year={2011},
  publisher={AIP Publishing}
}

@article{taucer2012consequences,
  title={Consequences of many-cell correlations in treating clocked quantum-dot cellular automata circuits},
  author={Taucer, Marco and Karim, Faizal and Walus, Konrad and Wolkow, Robert A},
  journal={arXiv preprint arXiv:1207.7008},
  year={2012}
}

@article{wolkow2013silicon,
  title={Silicon Atomic Quantum Dots Enable Beyond-CMOS Electronics},
  author={Wolkow, Robert A and Livadaru, Lucian and Pitters, Jason and Taucer, Marco and Piva, Paul and Salomons, Mark and Cloutier, Martin and Martins, Bruno Vieira Cunha},
  journal={arXiv preprint arXiv:1310.4148},
  year={2013}
}





# Beyond-CMOS

@article{wolf2001spintronics,
  title={Spintronics: a spin-based electronics vision for the future},
  author={Wolf, SA and Awschalom, DD and Buhrman, RA and Daughton, JM and Von Molnar, S and Roukes, ML and Chtchelkanova, A Yu and Treger, DM},
  journal={Science},
  volume={294},
  number={5546},
  pages={1488--1495},
  year={2001},
  publisher={American Association for the Advancement of Science}
}

@article{behin2010proposal,
  title={Proposal for an all-spin logic device with built-in memory},
  author={Behin-Aein, Behtash and Datta, Deepanjan and Salahuddin, Sayeef and Datta, Supriyo},
  journal={Nature nanotechnology},
  volume={5},
  number={4},
  pages={266--270},
  year={2010},
  publisher={Nature Publishing Group}
}

@article{allwood2005magnetic,
  title={Magnetic domain-wall logic},
  author={Allwood, Dan A and Xiong, Gang and Faulkner, CC and Atkinson, D and Petit, D and Cowburn, RP},
  journal={Science},
  volume={309},
  number={5741},
  pages={1688--1692},
  year={2005},
  publisher={American Association for the Advancement of Science}
}

@article{kam2011design,
  title={Design, optimization, and scaling of MEM relays for ultra-low-power digital logic},
  author={Kam, Hei and Liu, Tsu-Jae King and Stojanovic, Vladimir and Markovic, Dejan and Alon, Elad},
  journal={Electron Devices, IEEE Transactions on},
  volume={58},
  number={1},
  pages={236--250},
  year={2011},
  publisher={IEEE}
}

@article{spencer2011demonstration,
  title={Demonstration of integrated micro-electro-mechanical relay circuits for VLSI applications},
  author={Spencer, Matthew and Chen, Fred and Wang, Cheng C and Nathanael, Rhesa and Fariborzi, Hossein and Gupta, Abhinav and Kam, Hei and Pott, Vincent and Jeon, Jaeseok and Liu, Tsu-Jae King and others},
  journal={Solid-State Circuits, IEEE Journal of},
  volume={46},
  number={1},
  pages={308--320},
  year={2011},
  publisher={IEEE}
}

@article{nikonov2013overview,
  title={Overview of beyond-CMOS devices and a uniform methodology for their benchmarking},
  author={Nikonov, Dmitri E and Young, Ian A},
  year={2013},
  publisher={IEEE}
}

@misc{itrs2011,
  title = {International Technology Roadmap for Semiconductors},
  howpublished = {http://www.itrs.net/Links/2011ITRS/Home2011.htm},
  year = {2011}
}

@article{cavin2012science,
  title={Science and engineering beyond Moore's law},
  author={Cavin, Ralph K and Lugli, Paolo and Zhirnov, Victor V},
  journal={Proceedings of the IEEE},
  volume={100},
  number={Special Centennial Issue},
  pages={1720--1749},
  year={2012},
  publisher={IEEE}
}

@article{zhirnov2003limits,
  title={Limits to binary logic switch scaling-a gedanken model},
  author={Zhirnov, Victor V and Cavin, Ralph K and Hutchby, James A and Bourianoff, George I},
  journal={Proceedings of the IEEE},
  volume={91},
  number={11},
  pages={1934--1939},
  year={2003},
  publisher={[New York, NY]: Institute of Electrical and Electronics Engineers,[1963-}
}

@article{bernstein2010device,
  title={Device and architecture outlook for beyond CMOS switches},
  author={Bernstein, Kerry and Cavin, Ralph K and Porod, Wolfgang and Seabaugh, Alan and Welser, Jeff},
  journal={Proceedings of the IEEE},
  volume={98},
  number={12},
  pages={2169--2184},
  year={2010},
  publisher={IEEE}
}

@article{mead1990neuromorphic,
  title={Neuromorphic electronic systems},
  author={Mead, Carver},
  journal={Proceedings of the IEEE},
  volume={78},
  number={10},
  pages={1629--1636},
  year={1990},
  publisher={IEEE}
}

@inproceedings{schemmel2010wafer,
  title={A wafer-scale neuromorphic hardware system for large-scale neural modeling},
  author={Schemmel, Johannes and Bruderle, D and Grubl, A and Hock, Matthias and Meier, Karlheinz and Millner, Sebastian},
  booktitle={Circuits and Systems (ISCAS), Proceedings of 2010 IEEE International Symposium on},
  pages={1947--1950},
  year={2010},
  organization={IEEE}
}

@article{furber2012overview,
  title={Overview of the spinnaker system architecture},
  author={Furber, Steve and Lester, David and Plana, Luis and Garside, Jim and Painkras, Eustace and Temple, Steve and Brown, A},
  year={2012},
  publisher={IEEE}
}


######

@article{Sandvik2003,
  title = {Stochastic series expansion method for quantum Ising models with arbitrary interactions},
  author = {Sandvik, Anders W.},
  journal = {Phys. Rev. E},
  volume = {68},
  issue = {5},
  pages = {056701},
  numpages = {9},
  year = {2003},
  month = {Nov},
  doi = {10.1103/PhysRevE.68.056701},
  url = {http://link.aps.org/doi/10.1103/PhysRevE.68.056701},
  publisher = {American Physical Society}
}

@article{Sandvik2007,
  title = {Variational ground states of two-dimensional antiferromagnets in the valence bond basis},
  author = {Lou, Jie and Sandvik, Anders W.},
  journal = {Phys. Rev. B},
  volume = {76},
  issue = {10},
  pages = {104432},
  numpages = {8},
  year = {2007},
  month = {Sep},
  doi = {10.1103/PhysRevB.76.104432},
  url = {http://link.aps.org/doi/10.1103/PhysRevB.76.104432},
  publisher = {American Physical Society}
}


######

@book{Mahan,
  author = {Gerald D. Mahan},
  title = {Many-Particle Physics},
  year = {2000},
  publisher = {Kluwer Academic / Plenum Publishers},
  edition = {3}
}

@book{Fehske,
  title={Computational Many-Particle Physics},
  author={Fehske, H. and Schneider, R. and Wei{\ss}e, A.},
  isbn={9783540746850},
  lccn={2007936165},
  series={Lecture Notes in Physics},
  url={http://books.google.ca/books?id=XlQIFiSk7A8C},
  year={2008},
  publisher={Springer}
}

@book{Auerbach,
  title={Interacting electrons and quantum magnetism},
  author={A. Auerbach},
  isbn={9780387942865},
  lccn={94006510},
  series={Graduate texts in contemporary physics},
  url={http://books.google.ca/books?id=tiQlKzJa6GEC},
  year={1994},
  publisher={Springer New York}
}

@article{Hubbard1964,
  title={Electron correlations in narrow energy bands. III. An improved solution},
  author={Hubbard, John},
  journal={Proceedings of the Royal Society of London. Series A. Mathematical and Physical Sciences},
  volume={281},
  number={1386},
  pages={401--419},
  year={1964},
  publisher={The Royal Society}
}

@article{bauer2011alps,
  title={The ALPS project release 2.0: open source software for strongly correlated systems},
  author={Bauer, B and Carr, LD and Evertz, HG and Feiguin, A and Freire, J and Fuchs, S and Gamper, L and Gukelberger, J and Gull, E and Guertler, S and others},
  journal={Journal of Statistical Mechanics: Theory and Experiment},
  volume={2011},
  number={05},
  pages={P05001},
  year={2011},
  publisher={IOP Publishing}
}

@article{gonze2009abinit,
  title={ABINIT: First-principles approach to material and nanosystem properties},
  author={Gonze, Xavier and Amadon, B and Anglade, P-M and Beuken, J-M and Bottin, F and Boulanger, P and Bruneval, F and Caliste, D and Caracas, R and Cote, M and others},
  journal={Computer Physics Communications},
  volume={180},
  number={12},
  pages={2582--2615},
  year={2009},
  publisher={Elsevier}
}

@article{perez2007ipython,
  title={IPython: a system for interactive scientific computing},
  author={Perez, Fernando and Granger, Brian E},
  journal={Computing in Science \& Engineering},
  volume={9},
  number={3},
  pages={21--29},
  year={2007},
  publisher={AIP Publishing}
}

@misc{eigen,
  author = {Ga\"{e}l Guennebaud and Beno\^{i}t Jacob and others},
  title = {Eigen v3},
  howpublished = {http://eigen.tuxfamily.org},
  year = {2010}
}

@misc{scipy,
  author = {Eric Jones and Travis Oliphant and Pearu Peterson and others},
  title = {{SciPy}: Open source scientific tools for {Python}},
  year = {2001--},
  url = {http://www.scipy.org/}
}

@article{hunter2007matplotlib,
  title={Matplotlib: A 2D graphics environment},
  author={Hunter, John D},
  journal={Computing in Science \& Engineering},
  volume={9},
  number={3},
  pages={0090--95},
  year={2007},
  publisher={IEEE Computer Society}
}

@misc{boost,
    title = {Boost C++ Libraries},
    url = {http://www.boost.org}
}

@misc{githubcoma,
    title={Coma: A small Python library aiding with some aspects of running computer simulations},
    author={Burkhard Ritter},
    year={2014},
    url={https://github.com/meznom/coma}
}

@misc{githubqca,
    title={QCA TODO},
    author={Burkhard Ritter},
    year={2014},
    url={}
}

@article{andrei2001modern,
  title={Modern C++ design: generic programming and design patterns applied},
  author={Andrei Alexandrescu},
  year={2001},
  publisher={Addison-Wesley Professional}
}
